<record><leader>00000cas a22000007a 4500</leader><controlfield tag="001">13048271</controlfield><controlfield tag="008">860122d18861930paudn ne      0    0eng d</controlfield><datafield ind1=" " ind2=" " tag="010"><subfield code="a">sn 86081546 </subfield></datafield><datafield ind1=" " ind2=" " tag="040"><subfield code="a">NPH</subfield><subfield code="b">eng</subfield><subfield code="c">NPH</subfield><subfield code="d">NPX</subfield><subfield code="d">NPH</subfield><subfield code="d">OCL</subfield><subfield code="d">OCLCQ</subfield></datafield><datafield ind1=" " ind2=" " tag="019"><subfield code="a">18970990</subfield></datafield><datafield ind1=" " ind2=" " tag="042"><subfield code="a">msc</subfield></datafield><datafield ind1="0" ind2=" " tag="130"><subfield code="a">Valley spirit (Chambersburg, Pa. : Daily)</subfield></datafield><datafield ind1="1" ind2="0" tag="245"><subfield code="a">Valley spirit.</subfield></datafield><datafield ind1="3" ind2="0" tag="246"><subfield code="a">Daily spirit</subfield></datafield><datafield ind1=" " ind2=" " tag="260"><subfield code="a">Chambersburg, Pa. :</subfield><subfield code="b">J.G. &amp; D.A. Orr,</subfield><subfield code="c">1886-</subfield></datafield><datafield ind1=" " ind2=" " tag="300"><subfield code="a">v. :</subfield><subfield code="b">ill.</subfield></datafield><datafield ind1=" " ind2=" " tag="310"><subfield code="a">Daily (except Sun.)</subfield></datafield><datafield ind1="0" ind2=" " tag="362"><subfield code="a">Vol. 1, no. 1 (Sept. 10, 1886)-</subfield></datafield><datafield ind1="1" ind2=" " tag="362"><subfield code="a">Ceased in 1930?</subfield></datafield><datafield ind1=" " ind2=" " tag="500"><subfield code="a">Publisher: Valley Spirit Pub. Co., &lt;1896&gt;.</subfield></datafield><datafield ind1=" " ind2=" " tag="500"><subfield code="a">Published as: Daily spirit, &lt;Mar. 26, 1896&gt;.</subfield></datafield><datafield ind1=" " ind2=" " tag="580"><subfield code="a">Formed by the union of: Daily herald (Chambersburg, Pa.), and: Franklin County Democrat. Cf. "Partial report ... of Committee on Bibl. Newspaper Section." Kittochtinny Historical Society Papers VIII(1915): 57-65.</subfield></datafield><datafield ind1=" " ind2=" " tag="752"><subfield code="a">United States</subfield><subfield code="b">Pennsylvania</subfield><subfield code="c">Franklin</subfield><subfield code="d">Chambersburg.</subfield></datafield><datafield ind1="1" ind2=" " tag="775"><subfield code="t">Valley spirit (Chambersburg, Pa. : 1864 : Weekly)</subfield><subfield code="w">(DLC)sn 86053471</subfield></datafield><datafield ind1="1" ind2="4" tag="780"><subfield code="t">Daily herald (Chambersburg, Pa.)</subfield><subfield code="w">(DLC)sn 86081732</subfield></datafield><datafield ind1="1" ind2="4" tag="780"><subfield code="t">Franklin County Democrat</subfield></datafield><datafield ind1="1" ind2=" " tag="029"><subfield code="a">AU@</subfield><subfield code="b">000025816001</subfield></datafield></record>